<collection xmlns="http://www.loc.gov/MARC21/slim">
<record>
  <leader>01747nam0a22003011i 450 </leader>
  <controlfield tag="001">IT\ICCU\CNCE\079298</controlfield>
  <controlfield tag="005">20161205000000.0</controlfield>
  <datafield tag="012" ind1=" " ind2=" ">
    <subfield code="a">lvlv o.di ole. taSe (3) 1520 (R)</subfield>
    <subfield code="2">fei</subfield>
  </datafield>
  <datafield tag="100" ind1=" " ind2=" ">
    <subfield code="a">20161205d1520        0itac0103    ba</subfield>
  </datafield>
  <datafield tag="101" ind1=" " ind2=" ">
    <subfield code="a">ITA</subfield>
  </datafield>
  <datafield tag="102" ind1=" " ind2=" ">
    <subfield code="a">IT</subfield>
  </datafield>
  <datafield tag="200" ind1="1" ind2=" ">
    <subfield code="a">Epistole et euangelij vulgare historiade</subfield>
  </datafield>
  <datafield tag="210" ind1=" " ind2=" ">
    <subfield code="a">\Milano</subfield>
    <subfield code="c">Niccol ̣Gorgonzola!</subfield>
    <subfield code="e">Impresso in Milano</subfield>
    <subfield code="g">per magistro Bernardino da Castello</subfield>
    <subfield code="g">ad istanzia de meser Nicolao da Gorgonzola</subfield>
    <subfield code="h">1520. Adi 16 de Marzo</subfield>
  </datafield>
  <datafield tag="215" ind1=" " ind2=" ">
    <subfield code="a">\4!, CXII carte</subfield>
    <subfield code="c">ill.</subfield>
    <subfield code="d">4ʻ</subfield>
  </datafield>
  <datafield tag="620" ind1=" " ind2=" ">
    <subfield code="a">IT</subfield>
    <subfield code="d">Milano</subfield>
  </datafield>
  <datafield tag="712" ind1="0" ind2="0">
    <subfield code="a">Castello, Bernardino</subfield>
    <subfield code="3">IT\ICCU\CNCT\000210</subfield>
    <subfield code="4">650</subfield>
  </datafield>
  <datafield tag="712" ind1="0" ind2="0">
    <subfield code="a"></subfield>
    <subfield code="3">IT\ICCU\CNCT\000205</subfield>
    <subfield code="4">650</subfield>
  </datafield>
  <datafield tag="791" ind1="0" ind2="0">
    <subfield code="a">Castello, Bernardinus de</subfield>
    <subfield code="3">IT\ICCU\CNCT\004514</subfield>
    <subfield code="z">Castello, Bernardino</subfield>
  </datafield>
  <datafield tag="791" ind1="0" ind2="0">
    <subfield code="a">Castellus, Bernardinus</subfield>
    <subfield code="3">IT\ICCU\CNCT\004516</subfield>
    <subfield code="z">Castello, Bernardino</subfield>
  </datafield>
  <datafield tag="791" ind1="0" ind2="0">
    <subfield code="a">Del Castello, Bernardino</subfield>
    <subfield code="3">IT\ICCU\CNCT\004517</subfield>
    <subfield code="z">Castello, Bernardino</subfield>
  </datafield>
  <datafield tag="791" ind1="0" ind2="2">
    <subfield code="a">Bernardino da Castello</subfield>
    <subfield code="3">IT\ICCU\CNCT\004519</subfield>
    <subfield code="z">Castello, Bernardino</subfield>
  </datafield>
  <datafield tag="791" ind1="0" ind2="2">
    <subfield code="a">Nicolo da Gorgonzola</subfield>
    <subfield code="3">IT\ICCU\CNCT\004950</subfield>
    <subfield code="z"></subfield>
  </datafield>
  <datafield tag="801" ind1=" " ind2="3">
    <subfield code="a">IT</subfield>
    <subfield code="b">ICCU</subfield>
    <subfield code="c">20201115</subfield>
  </datafield>
  <datafield tag="899" ind1=" " ind2=" ">
    <subfield code="a">Biblioteca nazionale Braidense. Milano</subfield>
    <subfield code="1">MI0185</subfield>
    <subfield code="2">MIL NB</subfield>
  </datafield>
  <datafield tag="911" ind1=" " ind2=" ">
    <subfield code="a">Sul frontespizio</subfield>
    <subfield code="9">IT\ICCU\CNCM\000436</subfield>
  </datafield>
  <datafield tag="911" ind1=" " ind2=" ">
    <subfield code="a">Nel colophon</subfield>
    <subfield code="9">IT\ICCU\CNCM\001018</subfield>
  </datafield>
  <datafield tag="921" ind1=" " ind2=" ">
    <subfield code="a">IT\ICCU\CNCM\000436</subfield>
    <subfield code="b">Nastro con nome di Nicolaus Gorgonzola avvolge uno scettro che ha alla base una P e all&apos;apice una stella. Intorno ornamenti floreali.</subfield>
    <subfield code="c">K70</subfield>
    <subfield code="c">Z913</subfield>
    <subfield code="f">GORGONZOLA</subfield>
    <subfield code="f">LETTERAP</subfield>
    <subfield code="f">NASTRO</subfield>
    <subfield code="f">NICOLAUS</subfield>
    <subfield code="f">STELLA</subfield>
    <subfield code="g">1509-1523</subfield>
  </datafield>
  <datafield tag="921" ind1=" " ind2=" ">
    <subfield code="a">IT\ICCU\CNCM\001018</subfield>
    <subfield code="b">Nastro con nome di Nicolaus Gorgonzola avvolge uno scettro che ha alla base una P e all&apos;apice una stella. Intorno ornamenti floreali.</subfield>
    <subfield code="c">K71</subfield>
    <subfield code="d">Dimensioni: 3,7 x 4,4</subfield>
    <subfield code="f">GORGONZOLA</subfield>
    <subfield code="f">NASTRO</subfield>
    <subfield code="g">[150.]-1534</subfield>
  </datafield>
</record>
</collection>
